@MISC{FI04,
	author={Susan Feldman},
	title={The high cost of not finding information},
	year={2004},
	month={3},
	howpublished = {\url{http://www.kmworld.com/Articles/ReadArticle.aspx?ArticleID=9534}},
	note={Letzter Aufruf: 02. M\"{a}rz 2010}
}

@BOOK{EWM00,
	author={Dieter Herbst},
	title={Erfolgsfaktor Wissensmanagement},
	publisher={Cornelsen Verlag},
	year={2000},
	address={Berlin}
}

@MISC{LE08,
	author={{Living-E}},
	title={Unternehmen f\"{u}rchten in Informationen zu ertrinken},
	year={2008},
	month={2},
	howpublished = {\url{http://www.living-e.de/de/news/index.php?we_objectID=90}},
	note={Letzter Aufruf: 16. Februar 2010}
}

@ARTICLE{DBS09,
	author={Martin Braschler and Norman Briner and Hans Fischer and Markus H\"{a}ni and Thomas Mandl and Peter Sch\"{a}uble and Markus Steinbach and J\"{o}rg Stuker},
	title={Enterprise-Search-Systeme im internen Wissensmanagement: Ergebnisse einer Studie zu Perspektiven der Unternehmen},
	journal={Datenbank Spektrum},
	year={2009},
	volume={30},
	pages={5--12}
}

@ARTICLE{MB09,
Author = {Brunnermeier, Markus K.},
Title = {Deciphering the Liquidity and Credit Crunch 2007-2008},
Journal = {Journal of Economic Perspectives},
Volume = {23},
Number = {1},
Year = {2009},
Month = {3},
URL = {http://www.aeaweb.org/articles?id=10.1257/jep.23.1.77}
}

@ARTICLE{BF05,
Author = {Adriaan M. Bloem and Russel Freeman},
Title = {The Treatment of Nonperforming Loans},
Journal = {Statistics Department
International Monetary Fund},
Year = {2005},
Month = {6},
Pages = {1-15},
URL = {http://www.imf.org/external/pubs/ft/bop/2005/05-29.pdf}
}

@ARTICLE{IM17,
Author = {Thomas Theobald, Silke Tober, Benjamin Lojak},
Title = {IMK Finanzmarktstabilitätsreport
2016},
Journal = {Institut für Makroökonomie und Konjunkturforschung},
Year = {2017},
Month = {2},
Pages = {1-22},
URL = {https://www.boeckler.de/pdf/p_imk_report_121_2017.pdf}
}

@book{AF04,
  title={Credit Risk Management},
  author={Fight, Andrew},
  isbn={9780080472409},
  series={Essential Capital Markets},
  url={https://books.google.de/books?id=wd15dswnQWgC},
  year={2004},
  publisher={Elsevier Science}
}

@book{LG09,
  title={The Great Crash Of 2008},
  author={Garnaut, R. and Llewellyn-Smith, D.},
  isbn={9780522860016},
  url={https://books.google.de/books?id=hhayaM-knEIC},
  year={2009},
  publisher={Melbourne University Publishing}
}
@book{RK10,
  title={The 2008 Financial Crisis and its Aftermath: Confronting the Next Debt Challenge},
  author={Aaron J. Katzel, Thomas A. Russo},
  url={https://books.google.de/books?id=u515NZjrFuMC},
  year={2010},
  publisher={Thomas Russo}
}
@article{LZ08,
  title={Causes and effects of the Lehman Brothers bankruptcy},
  author={Zingales, Luigi},
  journal={Committee on Oversight and Government Reform US House of Representatives},
  year={2008}
}
@article{WN09,
author = {Wim Naud\'{e}},
isbn = {978-92-9230-171-2},
number = {2009/01},
publisher = {UNU-WIDER},
title = {The financial crisis of 2008 and the developing countries},
type = {WIDER Discussion Papers, World Institute for Development Economics (UNU-WIDER)},
url = {http://hdl.handle.net/10419/84665},
year = {2009}
}
@article{BG09,
author = {Board of Governors of the Federal Reserve System},
title = {Press Release announcing: ''proposal designed to ensure that incentive
compensation policies of banking organizations do not undermine the safety and soundness of their organizations''},
url = {https://www.federalreserve.gov/newsevents/press/bcreg/20091022a.htm},
year = {2009}
}
@book{SA10,
  title={Credit Risk Management In and Out of the Financial Crisis: New Approaches to Value at Risk and Other Paradigms},
  author={Saunders, A. and Allen, L.},
  isbn={9780470622360},
  series={Wiley Finance},
  url={https://books.google.de/books?id=Rr\_6y9evvowC},
  year={2010},
  publisher={Wiley}
}
@book{HR11,
  title={The Great American Housing Bubble: The Road to Collapse},
  author={Hardaway, R.M.},
  isbn={9780313382284},
  url={https://books.google.de/books?id=\_UKK41Qh8kcC},
  year={2011},
  publisher={Praeger}
}
@techreport{HR10,
  title={Effects of the financial crisis and great recession on American households},
  author={Hurd, Michael D and Rohwedder, Susann},
  url={http://www.nber.org/papers/w16407.pdf},
  year={2010},
  institution={National Bureau of Economic Research}
}
@book{FT12,
  title={Knowledge Automation: How to Implement Decision Management in Business Processes},
  author={Fish, A.N. and Taylor, J.},
  isbn={9781118236796},
  series={Wiley Corporate F\&A},
  url={https://books.google.de/books?id=q9E0xXgfPJMC},
  year={2012},
  publisher={Wiley}
}
@article{JT12,
  title={Decision Management Systems Platform Technologies Report},
  author={Taylor, James},
  journal={Palo Alto CA: Decision Management Solutions},
  url={http://www.gdslink.com/wp-content/themes/gds/pdf/The%20Decision%20Management%20Systems%20Platform%20Report%20V2.PDF},
  year={2012}
}
@book{JT11,
  title={Decision Management Systems: A Practical Guide to Using Business Rules and Predictive Analytics},
  author={Taylor, J.},
  isbn={9780132884440},
  series={IBM Press},
  url={https://books.google.de/books?id=X2pJuopB2JsC},
  year={2011},
  publisher={Pearson Education}
}
@MISC{OM16,
	author={Object Management Group},
	title={Decision Model and Notation (DMN) - Version 1.1},
	url={http://www.omg.org/spec/DMN/1.1/PDF/},
	note={Letzter Aufruf: 26. April 2017}
}
@article{BR16,
author = {Bernd Rücker},
title = {Decision Model and Notation: Digitalisierung von Entscheidungen mit DMN},
url = {https://www.sigs-datacom.de/uploads/tx_dmjournals/ruecker_OS_05_16_TRBT.pdf},
year = {2016},
number = {2016/05},
journal = {OBJEKTSpektrum}
}
@MISC{DD08,
	author={James Taylor},
	title={Decision Management Concept },
	url={http://www.ebizq.net/blogs/decision_management/2008/07/decision_management_concept_1.php},
	note={Letzter Auffgfgruf: 28. April 2017}
}
@book{BG15,
  title={Predictive analytics with Microsoft Azure machine learning},
  author={Barga, Roger and Fontama, Valentine and Tok, Wee Hyong and Cabrera-Cordon, Luis},
  year={2015},
  publisher={Springer}
}